<record xmlns='http://www.loc.gov/MARC21/slim'><leader>01603cas a22004571a 4500</leader><controlfield tag='001'>491668</controlfield><controlfield tag='005'>20110505093624.0</controlfield><controlfield tag='008'>880415c19819999azuar        f0uuua0eng d</controlfield><datafield ind1=' ' ind2=' ' tag='010'><subfield code='a'>   86655573  </subfield></datafield><datafield ind1=' ' ind2=' ' tag='035'><subfield code='a'>(OCoLC)10035447</subfield></datafield><datafield ind1=' ' ind2=' ' tag='035'><subfield code='a'>(CStRLIN)NJPG88-S1788</subfield></datafield><datafield ind1=' ' ind2=' ' tag='035'><subfield code='9'>ACG7390TS</subfield></datafield><datafield ind1=' ' ind2=' ' tag='040'><subfield code='a'>InU</subfield><subfield code='c'>InU</subfield><subfield code='d'>DLC</subfield><subfield code='d'>NST</subfield><subfield code='d'>DGPO</subfield><subfield code='d'>DLC</subfield><subfield code='d'>CStRLIN</subfield><subfield code='d'>NjP</subfield></datafield><datafield ind1=' ' ind2=' ' tag='042'><subfield code='a'>lc</subfield></datafield><datafield ind1=' ' ind2=' ' tag='043'><subfield code='a'>n-us-az</subfield></datafield><datafield ind1='0' ind2=' ' tag='050'><subfield code='a'>GB1225.A6</subfield><subfield code='b'>A412</subfield></datafield><datafield ind1=' ' ind2=' ' tag='074'><subfield code='a'>619-E-3 (microfiche)</subfield></datafield><datafield ind1='0' ind2='0' tag='082'><subfield code='a'>553.78/09771</subfield><subfield code='2'>19</subfield></datafield><datafield ind1='0' ind2=' ' tag='086'><subfield code='a'>I 19.53/2:Az</subfield></datafield><datafield ind1='0' ind2='0' tag='245'><subfield code='a'>Water resources data.</subfield><subfield code='p'>Arizona.</subfield></datafield><datafield ind1='1' ind2='0' tag='246'><subfield code='a'>Arizona</subfield></datafield><datafield ind1=' ' ind2=' ' tag='260'><subfield code='a'>Tucson, AZ :</subfield><subfield code='b'>U.S. Department of the Interior, Geological Survey,</subfield><subfield code='c'>1983-</subfield></datafield><datafield ind1=' ' ind2=' ' tag='265'><subfield code='a'>National Technical Information Service, Springfield, VA 22161</subfield></datafield><datafield ind1=' ' ind2=' ' tag='300'><subfield code='a'>v. ;</subfield><subfield code='c'>28 cm.</subfield></datafield><datafield ind1=' ' ind2=' ' tag='310'><subfield code='a'>Annual</subfield></datafield><datafield ind1='0' ind2=' ' tag='362'><subfield code='a'>Water year 1981-</subfield></datafield><datafield ind1=' ' ind2='0' tag='440'><subfield code='a'>U.S. Geological Survey water-data report</subfield></datafield><datafield ind1=' ' ind2=' ' tag='500'><subfield code='a'>Chiefly tables.</subfield></datafield><datafield ind1=' ' ind2=' ' tag='500'><subfield code='a'>No longer distributed to depository libraries in physical format.</subfield></datafield><datafield ind1=' ' ind2=' ' tag='515'><subfield code='a'>Report year ends Sept. 30.</subfield></datafield><datafield ind1=' ' ind2=' ' tag='530'><subfield code='a'>Vols. for &lt;1983-&gt; distributed to depository libraries in microfiche.</subfield></datafield><datafield ind1=' ' ind2='0' tag='650'><subfield code='a'>Stream measurements</subfield><subfield code='z'>Arizona</subfield><subfield code='x'>Periodicals.</subfield></datafield><datafield ind1=' ' ind2='0' tag='650'><subfield code='a'>Water quality</subfield><subfield code='z'>Arizona</subfield><subfield code='x'>Periodicals.</subfield></datafield><datafield ind1='2' ind2=' ' tag='710'><subfield code='a'>Geological Survey (U.S.)</subfield></datafield><datafield ind1='1' ind2=' ' tag='760'><subfield code='t'>U.S. Geological Survey water-data report</subfield></datafield><datafield ind1='0' ind2='0' tag='780'><subfield code='t'>Water resources data for Arizona</subfield><subfield code='x'>0565-6109</subfield></datafield><datafield ind1='4' ind2='1' tag='856'><subfield code='u'>http://purl.access.gpo.gov/GPO/LPS53579</subfield></datafield><datafield ind1=' ' ind2=' ' tag='998'><subfield code='a'>02/07/90</subfield><subfield code='s'>9120</subfield><subfield code='n'>NjP</subfield><subfield code='w'>DCLC86655573S</subfield><subfield code='d'>04/15/88</subfield><subfield code='c'>DLJ</subfield><subfield code='b'>JHF</subfield><subfield code='i'>900207</subfield><subfield code='l'>NJPG</subfield></datafield><datafield ind1=' ' ind2=' ' tag='948'><subfield code='a'>S-RECON</subfield></datafield><datafield ind1=' ' ind2=' ' tag='911'><subfield code='a'>19921028</subfield></datafield><datafield ind1=' ' ind2=' ' tag='912'><subfield code='a'>19910104000000.0</subfield></datafield><datafield ind1='0' ind2='1' tag='852'><subfield code='0'>534160</subfield><subfield code='b'>anxb</subfield><subfield code='t'>1</subfield><subfield code='h'>GB1225.A6</subfield><subfield code='i'>A412</subfield></datafield><datafield ind1=' ' ind2='0' tag='866'><subfield code='0'>534160</subfield><subfield code='8'>0</subfield><subfield code='a'>Water year 1981</subfield></datafield><datafield ind1=' ' ind2='0' tag='866'><subfield code='0'>534160</subfield><subfield code='8'>0</subfield><subfield code='x'>ADD BY: year</subfield></datafield><datafield ind1='8' ind2='1' tag='852'><subfield code='0'>534162</subfield><subfield code='b'>scisd</subfield><subfield code='t'>1</subfield><subfield code='h'>I19.53/2:AZ</subfield></datafield><datafield ind1=' ' ind2='0' tag='866'><subfield code='0'>534162</subfield><subfield code='8'>0</subfield><subfield code='a'>Water year 1990-water year 2003</subfield></datafield><datafield ind1=' ' ind2='0' tag='866'><subfield code='0'>534162</subfield><subfield code='8'>0</subfield><subfield code='x'>ADD BY: year</subfield></datafield><datafield ind1=' ' ind2='0' tag='866'><subfield code='0'>534162</subfield><subfield code='8'>0</subfield><subfield code='a'>Holdings retained unbound</subfield></datafield><datafield ind1='8' ind2='1' tag='852'><subfield code='0'>4621564</subfield><subfield code='b'>scimic</subfield><subfield code='t'>1</subfield><subfield code='h'>I19.53/2:AZ</subfield></datafield><datafield ind1=' ' ind2='0' tag='866'><subfield code='0'>4621564</subfield><subfield code='8'>0</subfield><subfield code='a'>Water year 2001</subfield></datafield><datafield ind1=' ' ind2='0' tag='866'><subfield code='0'>4621564</subfield><subfield code='8'>0</subfield><subfield code='x'>ADD BY: year</subfield></datafield><datafield ind1=' ' ind2='0' tag='866'><subfield code='0'>4621564</subfield><subfield code='8'>0</subfield><subfield code='a'>Holdings retained unbound</subfield></datafield><datafield ind1='8' ind2=' ' tag='852'><subfield code='0'>4750918</subfield><subfield code='b'>elf1</subfield><subfield code='h'>Electronic Resource</subfield></datafield><datafield ind1=' ' ind2='0' tag='866'><subfield code='0'>4750918</subfield><subfield code='a'>2003+</subfield></datafield><datafield ind1=' ' ind2=' ' tag='959'><subfield code='a'>2000-06-08 00:00:00 -0500</subfield></datafield></record>